@incollection {multichannelPrevRelay,
   author = {Stajano, Frank and Wong, Ford-Long and Christianson, Bruce},
   affiliation = {University of Cambridge Computer Laboratory, Cambridge, United Kingdom},
   title = {Multichannel Protocols to Prevent Relay Attacks},
   booktitle = {Financial Cryptography and Data Security},
   series = {Lecture Notes in Computer Science},
   editor = {Sion, Radu},
   publisher = {Springer Berlin / Heidelberg},
   isbn = {978-3-642-14576-6},
   keyword = {Computer Science},
   pages = {4-19},
   volume = {6052},
   url = {http://dx.doi.org/10.1007/978-3-642-14577-3_4},
   note = {10.1007/978-3-642-14577-3_4},
   year = {2010}
}
